%% Saved with string encoding Unicode (UTF-8) 

@book{project2013guia,
  title={Um Guia Do Conhecimento Em Gerenciamento De Projetos (Guia PMBOK{\textregistered})-Quinta Edição},
  author={PMI},
  isbn={9781628250510},
  year={2013},
  publisher={Project Management Institute}
}

@techreport{dorofee1996continuous,
  title={Continuous Risk Management Guidebook.},
  author={Dorofee, Audrey J and Walker, Julie A and Alberts, Christopher J and Higuera, Ronald P and Murphy, Richard L},
  year={1996},
  institution={CARNEGIE-MELLON UNIV PITTSBURGH PA}
}

@article{gusmao2007modelo,
  title={Um Modelo de Processo de Gest{\~a}o de Riscos para Ambientes de M{\'u}ltiplos Projetos de Desenvolvimento de Software},
  author={Martins Gomes de Gusm{\~a}o, Cristine},
  year={2007},
  publisher={Universidade Federal de Pernambuco}
}

@inproceedings{hillson2002risk,
  title={The Risk Breakdown Structure (RBS) as an aid to effective risk management},
  author={Hillson, David},
  booktitle={5th European Project Management Conference. Cannes, France},
  pages={1--11},
  year={2002}
}